%% This BibTeX bibliography file was created using BibDesk.
%% http://bibdesk.sourceforge.net/


%% Created for shipman at 2015-03-17 10:26:10 -0500 


%% Saved with string encoding Unicode (UTF-8) 



@article{Sobczyk2002,
	Author = {Garret Sobczyk},
	Date-Added = {2015-03-17 15:26:06 +0000},
	Date-Modified = {2015-03-17 15:26:06 +0000},
	Journal = {Aportaciones Matem{\'a}ticas},
	Pages = {41--53},
	Title = {Generalized Vandermonde Determinants and Applications    },
	Volume = {30},
	Year = {2002},
	Bdsk-File-1 = {YnBsaXN0MDDUAQIDBAUGJCVYJHZlcnNpb25YJG9iamVjdHNZJGFyY2hpdmVyVCR0b3ASAAGGoKgHCBMUFRYaIVUkbnVsbNMJCgsMDxJXTlMua2V5c1pOUy5vYmplY3RzViRjbGFzc6INDoACgAOiEBGABIAFgAdccmVsYXRpdmVQYXRoWWFsaWFzRGF0YV8QHC4uLy4uL2xpdGVyYXR1cmUvU29iY3p5azIwMDLSFwsYGVdOUy5kYXRhTxEBpAAAAAABpAACAAAMTWFjaW50b3NoIEhEAAAAAAAAAAAAAAAAAAAA0Fv7F0grAAAACWSpC1NvYmN6eWsyMDAyAAAAAAAAAAAAAAAAAAAAAAAAAAAAAAAAAAAAAAAAAAAAAAAAAAAAAAAAAAAAAAAAAAAAAABdVYjRLameAAAAAAAAAAAAAgACAAAJIAAAAAAAAAAAAAAAAAAAAApsaXRlcmF0dXJlABAACAAA0FxBZwAAABEACAAA0S3v7gAAAAEAFAAJZKkACWSWAAlhowAJSD8AApPVAAIAR01hY2ludG9zaCBIRDpVc2VyczoAc2hpcG1hbjoAV09SSzoATWF0aGVtYXRpY3M6AGxpdGVyYXR1cmU6AFNvYmN6eWsyMDAyAAAOABgACwBTAG8AYgBjAHoAeQBrADIAMAAwADIADwAaAAwATQBhAGMAaQBuAHQAbwBzAGgAIABIAEQAEgA1VXNlcnMvc2hpcG1hbi9XT1JLL01hdGhlbWF0aWNzL2xpdGVyYXR1cmUvU29iY3p5azIwMDIAABMAAS8AABUAAgAO//8AAIAG0hscHR5aJGNsYXNzbmFtZVgkY2xhc3Nlc11OU011dGFibGVEYXRhox0fIFZOU0RhdGFYTlNPYmplY3TSGxwiI1xOU0RpY3Rpb25hcnmiIiBfEA9OU0tleWVkQXJjaGl2ZXLRJidUcm9vdIABAAgAEQAaACMALQAyADcAQABGAE0AVQBgAGcAagBsAG4AcQBzAHUAdwCEAI4ArQCyALoCYgJkAmkCdAJ9AosCjwKWAp8CpAKxArQCxgLJAs4AAAAAAAACAQAAAAAAAAAoAAAAAAAAAAAAAAAAAAAC0A==}}

@book{AkhiezerGlazman1993,
	Author = {Akhiezer, N. I. and Glazman, I. M.},
	Date-Added = {2015-02-27 15:49:42 +0000},
	Date-Modified = {2015-02-27 15:49:42 +0000},
	Group = {Figotin},
	Keywords = {resolvent},
	Local-Url = {file://localhost/Users/stephenshipman/Mathematics/literature/AkhiezerGlazman1993.djvu},
	Publisher = {Dover},
	Title = {Theory of linear operators in Hilbert space},
	Year = {1993},
	Bdsk-File-1 = {YnBsaXN0MDDUAQIDBAUGJCVYJHZlcnNpb25YJG9iamVjdHNZJGFyY2hpdmVyVCR0b3ASAAGGoKgHCBMUFRYaIVUkbnVsbNMJCgsMDxJXTlMua2V5c1pOUy5vYmplY3RzViRjbGFzc6INDoACgAOiEBGABIAFgAdccmVsYXRpdmVQYXRoWWFsaWFzRGF0YV8QKS4uLy4uL2xpdGVyYXR1cmUvQWtoaWV6ZXJHbGF6bWFuMTk5My5kanZ10hcLGBlXTlMuZGF0YU8RAdYAAAAAAdYAAgAADE1hY2ludG9zaCBIRAAAAAAAAAAAAAAAAAAAANBb+xdIKwAAAAlkqRhBa2hpZXplckdsYXptYW4xOTkzLmRqdnUAAAAAAAAAAAAAAAAAAAAAAAAAAAAAAAAAAAAAAAAAAAAAAAAAAAAACWsx0LCc5wAAAAAAAAAAAAIAAgAACSAAAAAAAAAAAAAAAAAAAAAKbGl0ZXJhdHVyZQAQAAgAANBcQWcAAAARAAgAANCw8UcAAAABABQACWSpAAlklgAJYaMACUg/AAKT1QACAFRNYWNpbnRvc2ggSEQ6VXNlcnM6AHNoaXBtYW46AFdPUks6AE1hdGhlbWF0aWNzOgBsaXRlcmF0dXJlOgBBa2hpZXplckdsYXptYW4xOTkzLmRqdnUADgAyABgAQQBrAGgAaQBlAHoAZQByAEcAbABhAHoAbQBhAG4AMQA5ADkAMwAuAGQAagB2AHUADwAaAAwATQBhAGMAaQBuAHQAbwBzAGgAIABIAEQAEgBCVXNlcnMvc2hpcG1hbi9XT1JLL01hdGhlbWF0aWNzL2xpdGVyYXR1cmUvQWtoaWV6ZXJHbGF6bWFuMTk5My5kanZ1ABMAAS8AABUAAgAO//8AAIAG0hscHR5aJGNsYXNzbmFtZVgkY2xhc3Nlc11OU011dGFibGVEYXRhox0fIFZOU0RhdGFYTlNPYmplY3TSGxwiI1xOU0RpY3Rpb25hcnmiIiBfEA9OU0tleWVkQXJjaGl2ZXLRJidUcm9vdIABAAgAEQAaACMALQAyADcAQABGAE0AVQBgAGcAagBsAG4AcQBzAHUAdwCEAI4AugC/AMcCoQKjAqgCswK8AsoCzgLVAt4C4wLwAvMDBQMIAw0AAAAAAAACAQAAAAAAAAAoAAAAAAAAAAAAAAAAAAADDw==}}

@article{Shipman2014,
	Author = {Shipman, Stephen P.},
	Date-Added = {2014-08-12 18:01:28 +0000},
	Date-Modified = {2014-08-12 18:02:39 +0000},
	Doi = {10.1007/s00220-014-2113-y},
	Issn = {0010-3616},
	Journal = {Communications in Mathematical Physics},
	Language = {English},
	Pages = {1-22},
	Publisher = {Springer Berlin Heidelberg},
	Title = {Eigenfunctions of Unbounded Support for Embedded Eigenvalues of Locally Perturbed Periodic Graph Operators},
	Url = {http://dx.doi.org/10.1007/s00220-014-2113-y},
	Year = {2014},
	Bdsk-Url-1 = {http://dx.doi.org/10.1007/s00220-014-2113-y}}

@article{KuchmentPost2007,
	Author = {Kuchment, P. and Post, O.},
	Date-Added = {2014-08-12 17:58:28 +0000},
	Date-Modified = {2014-08-12 17:58:36 +0000},
	Journal = {Comm. Math. Phys.},
	Pages = {805--826},
	Preprint = {arXiv:math-ph/0612021},
	Title = {On the spectra of carbon nano-structures},
	Volume = {275},
	Year = {2007}}

@book{BerkolaikoKuchment2013,
	Author = {Gregory Berkolaiko and Peter Kuchment},
	Date-Added = {2014-08-12 17:54:25 +0000},
	Date-Modified = {2014-08-12 17:55:37 +0000},
	Publisher = {AMS},
	Series = {Mathematical Surveys and Monographs},
	Title = {Introduction to Quantum Graphs},
	Volume = {186},
	Year = {2013}}
